@misc{dynamic-programming,
  author = {freeCodeCamp.org},
  title = {{Dynamic Programming - Learn to Solve Algorithmic Problems \& Coding Challenges}},
  howpublished = {https://www.youtube.com/watch?v=oBt53YbR9Kk},
  year = 2020,
  note = {Acessado em 28 de Novembro de 2021}
}

@misc{greedy-algorithm,
  author = {Alyssa Walker},
  title = {{Greedy Algorithm with Example: What is, Method and Approach}},
  howpublished = {https://www.guru99.com/greedy-algorithm.html},
  year = 2021,
  note = {Acessado em 28 de Novembro de 2021}
}
